@webpage{Warusfel2002,
	author = {Warusfel, O.},
	year = {2002},
	title = {Listen hrtf database},
	url = {http://recherche.ircam.fr/equipes/salles/listen/index.html},
	extraction = {28 de Septiembre de 2020}
}


@inproceedings{Geronazzo2014,
	author = {Geronazzo, M. and Spagnol, S. and Bedin, A. and Avanzini, F.},
	year = {2014},
	month = {01},
	title = {Enhancing vertical localization with image-guided selection of non-individual head-related transfer functions},
	booktitle = {2014 IEEE International Conference on Acoustics, Speech and Signal Processing (ICASSP)},
	pages = {4463-4467}
}


@article{Repp2005,
	author = {Repp, B. H.},
	year = {2005},
	month = {01},
	journaltitle = {Psychonomic bulletin {\&} review},
	bookpagination = {page},
	pages = {969-992},
	title = {Sensorimotor synchronization: a review of the tapping literature},
	volume = {12},
	number = {6}
}


@article{Grootswager2020,
	author = {Grootswagers, T.},
	year = {2020},
	month = {03},
	bookpagination = {page},
	pages= {},
	title = {A primer on running human behavioural experiments online},
	volume = {18},
	number = {},
	journaltitle = {PsyArXiv. March}
}


@article{Katz2012,
	author = {Katz, B. F. and Parseihian, G.},
	year = {2012},
	month = {01},
	bookpagination = {page},
	pages = {EL99-EL105},
	title = {Perceptually based head-related transfer function database optimization},
	volume = {131},
	number = {2},
	journaltitle = {The Journal of the Acoustical Society of America}
}

@article{Gallant2019,
	author = {Gallant, J. and Libben, G.},
	year = {2019},
	month = {01},
	bookpagination = {page},
	pages = {152-168},
	title = {No lab, no problem: Designing lexical comprehension and production experiments using PsychoPy3},
	volume = {14},
	number = {1},
	journaltitle = {The Mental Lexicon}
}

@article{Bridges2020,
	author = {Bridges, D. and Pitiot, A. and MacAskill, M. R. and Peirce, J. W.},
	year = {2020},
	month = {01},
	bookpagination = {page},
	pages = {e9414},
	title = {The timing mega-study: comparing a range of experiment generators, both lab-based and online},
	volume = {8},
	journaltitle = {PeerJ}
}

@article{Anwyl2020,
	author = {Anwyl-Irvine, A. and Dalmaijer, E. and Hodges, N. and Evershed, J.},
	year = {2020},
	month = {01},
	bookpagination = {page},
	pages = {},
	title = {Online Timing Accuracy and Precision: A comparison of platforms, browsers, and participant's devices},
	volume = {},
	journaltitle = {}
}

@article{Pronk2020,
	author = {Pronk, T. and Wiers, R. W. and Molenkamp, B. and Murre, J.},
	year = {2020},
	month = {01},
	bookpagination = {page},
	pages = {1371-1382},
	title = {Mental chronometry in the pocket? Timing accuracy of web applications on touchscreen and keyboard devices},
	volume = {53},
	number = {3},
	journaltitle = {Behavior Research Methods}
}